<?xml version="1.0" encoding="UTF-8"?><collection xmlns="http://www.loc.gov/MARC21/slim"><record><leader>00377nam--2200133-i-4500</leader><controlfield tag="001">000050059</controlfield><controlfield tag="002">20161230</controlfield><controlfield tag="005">20161230201048</controlfield><controlfield tag="008">060222s1000------------r-----000-0-eng-d</controlfield><datafield ind1=" " ind2=" " tag="080"><subfield code="a">551.5</subfield></datafield><datafield ind1=" " ind2=" " tag="100"><subfield code="a">Banah, V.A. I Mironov, V.L</subfield></datafield><datafield ind1=" " ind2=" " tag="245"><subfield code="a">Lokacionnoerasprostranenie lazernovo izluchenia v turbulentnoi atmosfere</subfield></datafield><datafield ind1=" " ind2=" " tag="260"><subfield code="a">Novosibirsk, Izd. Nauka, 1986, 176s</subfield></datafield><datafield ind1=" " ind2=" " tag="852"><subfield code="a">73983</subfield></datafield></record></collection>